@article{von2006information,
  title={Information security governance: Due care},
  author={Von Solms, Rossouw and von Solms, SH Basie},
  journal={Computers \& Security},
  volume={25},
  number={7},
  pages={494--497},
  year={2006},
  publisher={Elsevier}
},
@article{lafuente2015big,
  title={The big data security challenge},
  author={Lafuente, Guillermo},
  journal={Network security},
  volume={2015},
  number={1},
  pages={12--14},
  year={2015},
  publisher={Elsevier}
},
@article{niemimaa2017information,
  title={Information systems continuity process: Conceptual foundations for the study of the “social”},
  author={Niemimaa, Marko},
  journal={Computers \& Security},
  volume={65},
  pages={1--13},
  year={2017},
  publisher={Elsevier}
},
@article{siponen2010compliance,
  title={Compliance with information security policies: An empirical investigation},
  author={Siponen, Mikko and Pahnila, Seppo and Mahmood, M Adam},
  journal={Computer},
  volume={43},
  number={2},
  pages={64--71},
  year={2010},
  publisher={IEEE}
},
@article{wu2020smart,
  title={Smart city development in Taiwan: From the perspective of the information security policy},
  author={Wu, Yung Chang and Sun, Rui and Wu, Yenchun Jim},
  journal={Sustainability},
  volume={12},
  number={7},
  pages={2916},
  year={2020},
  publisher={MDPI}
},
@book{cism2011business,
  title={Business continuity and disaster recovery for infosec managers},
  author={CISM, John Rittinghouse PhD and CISSP, James F Ransome PhD CISM},
  year={2011},
  publisher={Elsevier}
},
@article{niemimaa2017information,
  title={Information systems continuity process: Conceptual foundations for the study of the “social”},
  author={Niemimaa, Marko},
  journal={Computers \& Security},
  volume={65},
  pages={1--13},
  year={2017},
  publisher={Elsevier}
},
@article{kitsios2023iso,
  title={The ISO/IEC 27001 Information security management standard: how to extract value from data in the IT sector},
  author={Kitsios, Fotis and Chatzidimitriou, Elpiniki and Kamariotou, Maria},
  journal={Sustainability},
  volume={15},
  number={7},
  pages={5828},
  year={2023},
  publisher={MDPI}
},
@article{garrett2019criteria,
  title={Criteria for effective zero-deforestation commitments},
  author={Garrett, Rachael D and Levy, Sam and Carlson, Kimberly M and Gardner, Toby A and Godar, Javier and Clapp, Jennifer and Dauvergne, Peter and Heilmayr, Robert and de Waroux, Y le Polain and Ayre, Ben and others},
  journal={Global environmental change},
  volume={54},
  pages={135--147},
  year={2019},
  publisher={Elsevier}
},
@article{sellare2022six,
  title={Six research priorities to support corporate due-diligence policies},
  author={Sellare, Jorge and B{\"o}rner, Jan and Brugger, Fritz and Garrett, Rachael and G{\"u}nther, Isabel and Meemken, Eva-Marie and Pelli, Edoardo Maria and Steinh{\"u}bel, Linda and Wuepper, David},
  journal={Nature},
  volume={606},
  number={7916},
  pages={861--863},
  year={2022},
  publisher={Nature Publishing Group UK London}
},
@article{crete2020information,
  title={The information security cultures of journalism},
  author={Crete-Nishihata, Masashi and Oliver, Joshua and Parsons, Christopher and Walker, Dawn and Tsui, Lokman and Deibert, Ronald},
  journal={Digital Journalism},
  volume={8},
  number={8},
  pages={1068--1091},
  year={2020},
  publisher={Taylor \& Francis}
},
